<?xml version="1.0" encoding="UTF-8"?><collection xmlns="http://www.loc.gov/MARC21/slim"><record><leader>00383nam--2200145-i-4500</leader><controlfield tag="001">000020667</controlfield><controlfield tag="002">20161230</controlfield><controlfield tag="005">20161230201033</controlfield><controlfield tag="008">060222s1000------------r-----000-0-eng-d</controlfield><datafield ind1=" " ind2=" " tag="020"><subfield code="a">0-12-515</subfield></datafield><datafield ind1=" " ind2=" " tag="080"><subfield code="a">551.501.755</subfield></datafield><datafield ind1=" " ind2=" " tag="100"><subfield code="a">Frederik Nebeker</subfield></datafield><datafield ind1=" " ind2=" " tag="245"><subfield code="a">Calculating the wether. meteorology in the 20th century</subfield></datafield><datafield ind1=" " ind2=" " tag="260"><subfield code="a">San Diego, Academic Press, 1995 255 P</subfield></datafield><datafield ind1=" " ind2=" " tag="852"><subfield code="a">80560</subfield></datafield></record></collection>